% Optional fields: subtitle, titleaddon, language, howpublished, type, version, note, organization, location, date, month, year, addendum, pubstate, doi, eprint, eprintclass, eprinttype, url, urldate
@article{ARNOLD20113288,
  title   = {All-optical Bose–Einstein condensation in a \SI{1.06}{\micro\meter} dipole trap},
  journal = {Optics Communications},
  volume  = {284},
  number  = {13},
  pages   = {3288--3291},
  year    = {2011},
  issn    = {0030-4018},
  doi     = {https://doi.org/10.1016/j.optcom.2011.03.008},
  author  = {K.J. Arnold and M.D. Barrett}
}


% Optional fields: subtitle, titleaddon, language, howpublished, type, version, note, organization, location, date, month, year, addendum, pubstate, doi, eprint, eprintclass, eprinttype, url, urldate
@misc{axiconSM,
  author       = {Hueck, Klaus and Luick, Niclas and Sobirey, Lennart and Siegl, Jonas and Lompe, Thomas and Moritz, Henning},
  title        = {Supplemental Material: Two-Dimensional Homogeneous Fermi Gases},
  howpublished = {Supplemental Material},
  year         = {2018},
  doi          = {10.1103/PhysRevLett.120.060402}
}



% Optional fields: translator, annotator, commentator, subtitle, titleaddon, editor, editora, editorb, editorc, journalsubtitle, issuetitle, issuesubtitle, language, origlanguage, series, volume, number, eid, issue, month, pages, version, note, issn, addendum, pubstate, doi, eprint, eprintclass, eprinttype, url, urldate
@misc{bartlett,
  author       = {Deaglan Bartlett},
  title        = {{Summer Project Report}},
  year         = {2018},
  month        = {10},
  type         = {Summer Project},
  organization = {University of Cambridge}
}


@article{bec1,
  author    = {Anderson, M. H. and Ensher, J. R. and Matthews, M. R. and Wieman, C. E. and Cornell, E. A.},
  title     = {Observation of Bose-Einstein Condensation in a Dilute Atomic Vapor},
  volume    = {269},
  number    = {5221},
  pages     = {198--201},
  year      = {1995},
  doi       = {10.1126/science.269.5221.198},
  publisher = {American Association for the Advancement of Science},
  issn      = {0036-8075},
  journal   = {Science}
}

@article{bec2,
  title     = {Bose-Einstein Condensation in a Gas of Sodium Atoms},
  author    = {Davis, K. B. and Mewes, M.-O. and Andrews, M. R. and van Druten, N. J. and Durfee, D. S. and Kurn, D. M. and Ketterle, W.},
  journal   = {Phys. Rev. Lett.},
  volume    = {75},
  issue     = {22},
  pages     = {3969--3973},
  numpages  = {0},
  year      = {1995},
  month     = {11},
  publisher = {American Physical Society},
  doi       = {10.1103/PhysRevLett.75.3969}
}


@book{bird1994,
  title     = {Molecular Gas Dynamics and the Direct Simulation of Gas Flows},
  author    = {Bird, G.A.},
  number    = {42},
  isbn      = {9780198561958},
  lccn      = {94003873},
  series    = {Oxford Engineering Science Series},
  year      = {1994},
  publisher = {Clarendon Press}
}


@article{bktCrossover,
  author  = {Hadzibabic, Zoran and Krüger, Peter and Cheneau, Marc and Battelier, Baptiste and Dalibard, Jean},
  year    = {2006},
  month   = {07},
  number  = {1118-21},
  title   = {Berezinskii-Kosterlitz-Thouless Crossover in a Trapped Atomic Gas},
  volume  = {441},
  journal = {Nature},
  doi     = {10.1038/nature04851}
}



@article{Chaudhuri_2007,
  doi       = {10.1088/1742-6596/80/1/012036},
  year      = {2007},
  month     = {09},
  publisher = {{IOP} Publishing},
  volume    = {80},
  number    = {012036},
  author    = {Saptarishi Chaudhuri and Sanjukta Roy and C S Unnikrishnan},
  title     = {Evaporative Cooling of Atoms to Quantum Degeneracy in an Optical Dipole Trap},
  journal   = {Journal of Physics: Conference Series}
}

@misc{christodoulou2020observation,
  title         = {Observation of first and second sound in a Berezinskii-Kosterlitz-Thouless superfluid},
  author        = {Panagiotis Christodoulou and Maciej Gałka and Nishant Dogra and Raphael Lopes and Julian Schmitt and Zoran Hadzibabic},
  year          = {2020},
  eprint        = {2008.06044},
  archiveprefix = {arXiv}
}


@misc{dalibardCollision,
  author = {Dalibard, Jean},
  title  = {Collisional dynamics of ultra-cold atomic gases},
  year   = {2002}
}

@article{dsmcFoam,
  title   = {dsmcFoam+: An OpenFOAM based direct simulation Monte Carlo solver},
  journal = {Computer Physics Communications},
  volume  = {224},
  pages   = {22--43},
  year    = {2018},
  issn    = {0010-4655},
  doi     = {https://doi.org/10.1016/j.cpc.2017.09.030},
  author  = {C. White and M.K. Borg and T.J. Scanlon and S.M. Longshaw and B. John and D.R. Emerson and J.M. Reese}
}


@article{floydsteinberg:1976,
  author  = {Floyd, Robert~W. and Steinberg, Louis },
  title   = {An adaptive algorithm for spatial grayscale},
  journal = {Proceedings of the Society of Information Display},
  volume  = {17},
  year    = {1976},
  pages   = {75--77}
}

@misc{funkhouser:2000,
  author       = {Thomas Funkhouser},
  title        = {Image Quantization,
Halftoning, and Dithering},
  howpublished = {Lecture Notes Computer Science},
  year         = {2000},
  organization = {Princeton University}
}


@misc{gotlibovych2012compact,
  title         = {A compact single-chamber apparatus for Bose-Einstein condensation of {$^{87}$Rb}},
  author        = {Igor Gotlibovych and Tobias F. Schmidutz and Stuart Moulder and Robert L. D. Campbell and Naaman Tammuz and Richard J. Fletcher and Alexander L. Gaunt and Scott Beattie and Robert P. Smith and Zoran Hadzibabic},
  year          = {2012},
  eprint        = {1212.4108},
  archiveprefix = {arXiv}
}

@article{Jacob_2011,
  doi       = {10.1088/1367-2630/13/6/065022},
  year      = {2011},
  month     = {06},
  publisher = {{IOP} Publishing},
  volume    = {13},
  number    = {6},
  author    = {D Jacob and E Mimoun and L De Sarlo and M Weitz and J Dalibard and F Gerbier},
  title     = {Production of sodium Bose{\textendash}Einstein condensates in an optical dimple trap},
  journal   = {New Journal of Physics}
}

@book{joachain,
  author    = {Joachain, Charles},
  year      = {1983},
  publisher = {North-Holland},
  place     = {Amsterdam},
  pages     = {78--105},
  title     = {Quantum Collision Theory}
}


@article{k39Feshbach,
  doi       = {10.1088/1367-2630/9/7/223},
  year      = {2007},
  month     = {07},
  publisher = {{IOP} Publishing},
  volume    = {9},
  number    = {7},
  pages     = {223--223},
  author    = {Chiara D{\textquotesingle}Errico and Matteo Zaccanti and Marco Fattori and Giacomo Roati and Massimo Inguscio and Giovanni Modugno and Andrea Simoni},
  title     = {Feshbach resonances in ultracold {$^{39}$K}},
  journal   = {New Journal of Physics}
}

@incollection{KETTERLE1996181,
  title     = {Evaporative Cooling of Trapped Atoms},
  editor    = {Benjamin Bederson and Herbert Walther},
  booktitle = {Advances In Atomic, Molecular, and Optical Physics},
  publisher = {Academic Press},
  volume    = {37},
  pages     = {181--236},
  year      = {1996},
  issn      = {1049-250X},
  doi       = {https://doi.org/10.1016/S1049-250X(08)60101-9},
  author    = {Wolfgang Ketterle and N.J. Van Druten}
}

@misc{krstajic,
  author       = {Milan Krstajic},
  title        = {{Arbitrary Dynamical Potentials for Ultracold Atoms}},
  year         = {2017},
  month        = {05},
  type         = {Part III Project},
  organization = {University of Cambridge}
}

@book{laurendeau_2005,
  place     = {Cambridge},
  title     = {Statistical Thermodynamics: Fundamentals and Applications},
  doi       = {10.1017/CBO9780511815928},
  publisher = {Cambridge University Press},
  author    = {Laurendeau, Normand M.},
  year      = {2005},
  pages     = {342--343}
}



@article{liang:2010,
  author       = {Liang, J. and Kohn, Rudolph N. and Becker, Michael F. and Heinzen, Daniel J.},
  title        = {{High-precision laser beam shaping using a binary-amplitude spatial light modulator}},
  journaltitle = {Applied Optics},
  year         = {2010},
  volume       = {49},
  number       = {8},
  pages        = {1323--1330},
  doi          = {10.1364/AO.49.001323}
}


@article{machinelearning1,
  title     = {Machine learning for achieving Bose-Einstein condensation of thulium atoms},
  author    = {Davletov, E. T. and Tsyganok, V. V. and Khlebnikov, V. A. and Pershin, D. A. and Shaykin, D. V. and Akimov, A. V.},
  journal   = {Phys. Rev. A},
  volume    = {102},
  issue     = {1},
  number    = {011302},
  numpages  = {6},
  year      = {2020},
  month     = {07},
  publisher = {American Physical Society},
  doi       = {10.1103/PhysRevA.102.011302}
}

@article{machinelearning2,
  author  = {Wigley, P. B. and Everitt, P. J. and van den Hengel, Anton and Bastian, John W. and Sooriyabandara, M. A. and McDonald, Gordon D. and Hardman, Kyle S. and Quinlivan, C. D. and Perumbil, Manju and Kuhn, Carlos Claiton Noschang and Petersen, I. R. and Luiten, Andre N. and Hope, J. J. and Robins, N. P. and Hush, Michael R.},
  year    = {2015},
  month   = {07},
  title   = {Fast machine-learning online optimization of ultra-cold-atom experiments},
  volume  = {6},
  journal = {Scientific Reports},
  doi     = {10.1038/srep25890}
}

@article{MANEK199867,
  title   = {Generation of a hollow laser beam for atom trapping using an axicon},
  journal = {Optics Communications},
  volume  = {147},
  number  = {1},
  pages   = {67--70},
  year    = {1998},
  issn    = {0030-4018},
  doi     = {https://doi.org/10.1016/S0030-4018(97)00645-7},
  author  = {I Manek and Yu.B Ovchinnikov and R Grimm}
}

@article{McLeod,
  author    = {John H. McLeod},
  journal   = {J. Opt. Soc. Am.},
  number    = {8},
  pages     = {592--597},
  publisher = {OSA},
  title     = {The Axicon: A New Type of Optical Element},
  volume    = {44},
  month     = {08},
  year      = {1954},
  doi       = {10.1364/JOSA.44.000592}
}

@article{mies1996,
  author  = {Mies, Frederick H. and Williams, Carl J. and Julienne, Paul S.},
  year    = {1996},
  month   = {07},
  pages   = {521--535},
  title   = {Estimating bounds on collisional relaxation rates of spin-polarized Rb-87 atoms at ultracold temperatures},
  volume  = {101},
  journal = {Journal of Research of the National Institute of Standards and Technology},
  doi     = {10.6028/jres.101.052}
}

@article{Modugno1320,
  author    = {Modugno, G. and Ferrari, G. and Roati, G. and Brecha, R. J. and Simoni, A. and Inguscio, M.},
  title     = {Bose-Einstein Condensation of Potassium Atoms by Sympathetic Cooling},
  volume    = {294},
  number    = {5545},
  pages     = {1320--1322},
  year      = {2001},
  doi       = {10.1126/science.1066687},
  publisher = {American Association for the Advancement of Science},
  issn      = {0036-8075},
  journal   = {Science}
}

@article{mottInsulator,
  author  = {Greiner, Markus and Mandel, Olaf and Esslinger, Tilman and Haensch, Theodor and Bloch, Immanuel},
  year    = {2002},
  month   = {02},
  pages   = {39--44},
  title   = {Quantum phase transition from a superfluid to a Mott insulator in a gas of ultracold atoms},
  volume  = {415},
  journal = {Nature},
  doi     = {10.1038/415039a}
}

@misc{NIST:DLMF,
  title        = {NIST Digital Library of Mathematical Functions},
  howpublished = {Release 1.0.28 of 2020-09-15},
  url          = {http://dlmf.nist.gov/},
  note         = {F.~W.~J. Olver, A.~B. {Olde Daalhuis}, D.~W. Lozier, B.~I. Schneider,
                R.~F. Boisvert, C.~W. Clark, B.~R. Miller, B.~V. Saunders,
                H.~S. Cohl, and M.~A. McClain, eds.}
}

@misc{nlohmann,
  author       = {Lohmann, Niels},
  title        = {JSON for Modern {\Cpp}},
  howpublished = {Release 3.7.3 of 2019-11-17},
  url          = {http://github.com/nlohmann/json}
}

@article{nonEquilibrium,
  author  = {Langen, Tim and Geiger, Remi and Schmiedmayer, Jörg},
  title   = {Ultracold Atoms Out of Equilibrium},
  journal = {Annual Review of Condensed Matter Physics},
  volume  = {6},
  number  = {1},
  pages   = {201--217},
  year    = {2015},
  doi     = {10.1146/annurev-conmatphys-031214-014548}
}

@article{oneDim1,
  author  = {Paredes, Belén and Widera, Artur and Murg, Valentin and Mandel, Olaf and Fölling, Simon and Cirac, Ignacio and Shlyapnikov, Gora and Haensch, Theodor and Bloch, Immanuel},
  year    = {2004},
  month   = {06},
  number  = {277-81},
  title   = {Tonks-Girardeau gas of ultracold atoms in an optical lattice},
  volume  = {429},
  journal = {Nature},
  doi     = {10.1038/nature02530}
}

@article{oneDim2,
  title     = {Observation of a one-dimensional Tonks-Girardeau gas},
  author    = {Toshiya Kinoshita and Trevor Wenger and Weiss, David S.},
  year      = {2004},
  month     = {08},
  day       = {20},
  doi       = {10.1126/science.1100700},
  volume    = {305},
  pages     = {1125--1128},
  journal   = {Science},
  issn      = {0036-8075},
  publisher = {American Association for the Advancement of Science},
  number    = {5687}
}


@book{pethick_smith_2008,
  place     = {Cambridge},
  edition   = {2},
  title     = {Bose–Einstein Condensation in Dilute Gases},
  doi       = {10.1017/CBO9780511802850},
  publisher = {Cambridge University Press},
  author    = {Pethick, C. J. and Smith, H.},
  year      = {2008},
  pages     = {17--24}
}


@article{photonbec,
  author  = {Klaers, Jan and Schmitt, Julian and Vewinger, Frank and Weitz, Martin},
  year    = {2010},
  month   = {11},
  number  = {545-8},
  title   = {Bose-Einstein condensation of photons in an optical microcavity},
  volume  = {468},
  journal = {Nature},
  doi     = {10.1038/nature09567}
}


@article{PhysRevA.35.4354,
  title     = {Bose-Einstein condensation in an external potential},
  author    = {Bagnato, Vanderlei and Pritchard, David E. and Kleppner, Daniel},
  journal   = {Phys. Rev. A},
  volume    = {35},
  issue     = {10},
  pages     = {4354--4358},
  numpages  = {0},
  year      = {1987},
  month     = {05},
  publisher = {American Physical Society},
  doi       = {10.1103/PhysRevA.35.4354}
}

@article{PhysRevA.71.011602,
  title     = {All-optical Bose-Einstein condensation using a compressible crossed dipole trap},
  author    = {Kinoshita, Toshiya and Wenger, Trevor and Weiss, David S.},
  journal   = {Phys. Rev. A},
  volume    = {71},
  issue     = {1},
  number    = {011602},
  numpages  = {4},
  year      = {2005},
  month     = {01},
  publisher = {American Physical Society},
  doi       = {10.1103/PhysRevA.71.011602}
}

@article{PhysRevA.72.043410,
  title     = {Near-resonant dark optical lattice with increased occupation},
  author    = {Elman, Vladimir and Hemmerich, Andreas},
  journal   = {Phys. Rev. A},
  volume    = {72},
  issue     = {4},
  number    = {043410},
  numpages  = {6},
  year      = {2005},
  month     = {10},
  publisher = {American Physical Society},
  doi       = {10.1103/PhysRevA.72.043410}
}

@article{PhysRevA.78.011604,
  title     = {Accelerating evaporative cooling of atoms into Bose-Einstein condensation in optical traps},
  author    = {Hung, Chen-Lung and Zhang, Xibo and Gemelke, Nathan and Chin, Cheng},
  journal   = {Phys. Rev. A},
  volume    = {78},
  issue     = {1},
  number    = {011604},
  numpages  = {4},
  year      = {2008},
  month     = {07},
  publisher = {American Physical Society},
  doi       = {10.1103/PhysRevA.78.011604}
}

@article{PhysRevA.79.061406,
  title     = {All-optical runaway evaporation to Bose-Einstein condensation},
  author    = {Cl\'ement, J.-F. and Brantut, J.-P. and Robert-de-Saint-Vincent, M. and Nyman, R. A. and Aspect, A. and Bourdel, T. and Bouyer, P.},
  journal   = {Phys. Rev. A},
  volume    = {79},
  issue     = {6},
  number    = {061406},
  numpages  = {4},
  year      = {2009},
  month     = {06},
  publisher = {American Physical Society},
  doi       = {10.1103/PhysRevA.79.061406}
}

@article{PhysRevA.82.011608,
  title     = {Double-degenerate Bose-Fermi mixture of strontium},
  author    = {Tey, Meng Khoon and Stellmer, Simon and Grimm, Rudolf and Schreck, Florian},
  journal   = {Phys. Rev. A},
  volume    = {82},
  issue     = {1},
  number    = {011608},
  numpages  = {4},
  year      = {2010},
  month     = {07},
  publisher = {American Physical Society},
  doi       = {10.1103/PhysRevA.82.011608}
}

@article{PhysRevA.85.053647,
  title     = {Bose-Einstein condensation of {${}^{85}$Rb} by direct evaporation in an optical dipole trap},
  author    = {Marchant, A. L. and H\"andel, S. and Hopkins, S. A. and Wiles, T. P. and Cornish, S. L.},
  journal   = {Phys. Rev. A},
  volume    = {85},
  issue     = {5},
  number    = {053647},
  numpages  = {5},
  year      = {2012},
  month     = {05},
  publisher = {American Physical Society},
  doi       = {10.1103/PhysRevA.85.053647}
}

@article{PhysRevA.87.053614,
  title     = {Measurement of {$s$}-wave scattering lengths in a two-component Bose-Einstein condensate},
  author    = {Egorov, M. and Opanchuk, B. and Drummond, P. and Hall, B. V. and Hannaford, P. and Sidorov, A. I.},
  journal   = {Phys. Rev. A},
  volume    = {87},
  issue     = {5},
  number    = {053614},
  numpages  = {10},
  year      = {2013},
  month     = {05},
  publisher = {American Physical Society},
  doi       = {10.1103/PhysRevA.87.053614}
}

@article{PhysRevA.95.013609,
  title     = {All-optical production of a large Bose-Einstein condensate in a double compressible crossed dipole trap},
  author    = {Yamashita, Kazuya and Hanasaki, Kouhei and Ando, Akihiro and Takahama, Masahiro and Kinoshita, Toshiya},
  journal   = {Phys. Rev. A},
  volume    = {95},
  issue     = {1},
  number    = {013609},
  numpages  = {9},
  year      = {2017},
  month     = {01},
  publisher = {American Physical Society},
  doi       = {10.1103/PhysRevA.95.013609}
}

@article{PhysRevLett.103.130401,
  title     = {Bose-Einstein Condensation of Alkaline Earth Atoms: {$^{40}$Ca}},
  author    = {Kraft, Sebastian and Vogt, Felix and Appel, Oliver and Riehle, Fritz and Sterr, Uwe},
  journal   = {Phys. Rev. Lett.},
  volume    = {103},
  issue     = {13},
  number    = {130401},
  numpages  = {4},
  year      = {2009},
  month     = {09},
  publisher = {American Physical Society},
  doi       = {10.1103/PhysRevLett.103.130401}
}

@article{PhysRevLett.107.190401,
  title     = {Strongly Dipolar Bose-Einstein Condensate of Dysprosium},
  author    = {Lu, Mingwu and Burdick, Nathaniel Q. and Youn, Seo Ho and Lev, Benjamin L.},
  journal   = {Phys. Rev. Lett.},
  volume    = {107},
  issue     = {19},
  number    = {190401},
  numpages  = {5},
  year      = {2011},
  month     = {10},
  publisher = {American Physical Society},
  doi       = {10.1103/PhysRevLett.107.190401}
}


@article{PhysRevLett.108.210401,
  title     = {Bose-Einstein Condensation of Erbium},
  author    = {Aikawa, K. and Frisch, A. and Mark, M. and Baier, S. and Rietzler, A. and Grimm, R. and Ferlaino, F.},
  journal   = {Phys. Rev. Lett.},
  volume    = {108},
  issue     = {21},
  number    = {210401},
  numpages  = {5},
  year      = {2012},
  month     = {05},
  publisher = {American Physical Society},
  doi       = {10.1103/PhysRevLett.108.210401}
}


@article{PhysRevLett.110.200406,
  title     = {Bose-Einstein Condensation of Atoms in a Uniform Potential},
  author    = {Gaunt, Alexander L. and Schmidutz, Tobias F. and Gotlibovych, Igor and Smith, Robert P. and Hadzibabic, Zoran},
  journal   = {Phys. Rev. Lett.},
  volume    = {110},
  issue     = {20},
  number    = {200406},
  numpages  = {5},
  year      = {2013},
  month     = {05},
  publisher = {American Physical Society},
  doi       = {10.1103/PhysRevLett.110.200406}
}


@article{PhysRevLett.120.060402,
  title     = {Two-Dimensional Homogeneous Fermi Gases},
  author    = {Hueck, Klaus and Luick, Niclas and Sobirey, Lennart and Siegl, Jonas and Lompe, Thomas and Moritz, Henning},
  journal   = {Phys. Rev. Lett.},
  volume    = {120},
  issue     = {6},
  number    = {060402},
  numpages  = {6},
  year      = {2018},
  month     = {02},
  publisher = {American Physical Society},
  doi       = {10.1103/PhysRevLett.120.060402},
  url       = {https://link.aps.org/doi/10.1103/PhysRevLett.120.060402}
}

@article{PhysRevLett.74.3352,
  title     = {Stable, Tightly Confining Magnetic Trap for Evaporative Cooling of Neutral Atoms},
  author    = {Petrich, Wolfgang and Anderson, Michael H. and Ensher, Jason R. and Cornell, Eric A.},
  journal   = {Phys. Rev. Lett.},
  volume    = {74},
  issue     = {17},
  pages     = {3352--3355},
  numpages  = {0},
  year      = {1995},
  month     = {04},
  publisher = {American Physical Society},
  doi       = {10.1103/PhysRevLett.74.3352}
}


@article{PhysRevLett.75.1687,
  title     = {Evidence of Bose-Einstein Condensation in an Atomic Gas with Attractive Interactions},
  author    = {Bradley, C. C. and Sackett, C. A. and Tollett, J. J. and Hulet, R. G.},
  journal   = {Phys. Rev. Lett.},
  volume    = {75},
  issue     = {9},
  pages     = {1687--1690},
  numpages  = {0},
  year      = {1995},
  month     = {08},
  publisher = {American Physical Society},
  doi       = {10.1103/PhysRevLett.75.1687}
}



@article{PhysRevLett.78.985,
  title     = {Bose-Einstein Condensation of Lithium: Observation of Limited Condensate Number},
  author    = {Bradley, C. C. and Sackett, C. A. and Hulet, R. G.},
  journal   = {Phys. Rev. Lett.},
  volume    = {78},
  issue     = {6},
  pages     = {985--989},
  numpages  = {0},
  year      = {1997},
  month     = {02},
  publisher = {American Physical Society},
  doi       = {10.1103/PhysRevLett.78.985}
}


@article{PhysRevLett.81.3811,
  title     = {Bose-Einstein Condensation of Atomic Hydrogen},
  author    = {Fried, Dale G. and Killian, Thomas C. and Willmann, Lorenz and Landhuis, David and Moss, Stephen C. and Kleppner, Daniel and Greytak, Thomas J.},
  journal   = {Phys. Rev. Lett.},
  volume    = {81},
  issue     = {18},
  pages     = {3811--3814},
  numpages  = {0},
  year      = {1998},
  month     = {11},
  publisher = {American Physical Society},
  doi       = {10.1103/PhysRevLett.81.3811}
}

@article{PhysRevLett.85.1795,
  title     = {Stable {$^{85}$Rb} Bose-Einstein Condensates with Widely Tunable Interactions},
  author    = {Cornish, S. L. and Claussen, N. R. and Roberts, J. L. and Cornell, E. A. and Wieman, C. E.},
  journal   = {Phys. Rev. Lett.},
  volume    = {85},
  issue     = {9},
  pages     = {1795--1798},
  numpages  = {0},
  year      = {2000},
  month     = {08},
  publisher = {American Physical Society},
  doi       = {10.1103/PhysRevLett.85.1795}
}


@article{PhysRevLett.86.3459,
  title     = {Bose-Einstein Condensation of Metastable Helium},
  author    = {Pereira Dos Santos, F. and L\'eonard, J. and Wang, Junmin and Barrelet, C. J. and Perales, F. and Rasel, E. and Unnikrishnan, C. S. and Leduc, M. and Cohen-Tannoudji, C.},
  journal   = {Phys. Rev. Lett.},
  volume    = {86},
  issue     = {16},
  pages     = {3459--3462},
  numpages  = {0},
  year      = {2001},
  month     = {04},
  publisher = {American Physical Society},
  doi       = {10.1103/PhysRevLett.86.3459}
}


@article{PhysRevLett.91.040404,
  title     = {Spin-Singlet Bose-Einstein Condensation of Two-Electron Atoms},
  author    = {Takasu, Yosuke and Maki, Kenichi and Komori, Kaduki and Takano, Tetsushi and Honda, Kazuhito and Kumakura, Mitsutaka and Yabuzaki, Tsutomu and Takahashi, Yoshiro},
  journal   = {Phys. Rev. Lett.},
  volume    = {91},
  issue     = {4},
  number    = {040404},
  numpages  = {4},
  year      = {2003},
  month     = {07},
  publisher = {American Physical Society},
  doi       = {10.1103/PhysRevLett.91.040404}
}


@article{PhysRevLett.91.123201,
  title     = {Three-Body Recombination at Large Scattering Lengths in an Ultracold Atomic Gas},
  author    = {Weber, Tino and Herbig, Jens and Mark, Michael and N\"agerl, Hanns-Christoph and Grimm, Rudolf},
  journal   = {Phys. Rev. Lett.},
  volume    = {91},
  issue     = {12},
  number    = {123201},
  numpages  = {4},
  year      = {2003},
  month     = {09},
  publisher = {American Physical Society},
  doi       = {10.1103/PhysRevLett.91.123201}
}


@article{PhysRevLett.92.040403,
  title     = {Observation of Resonance Condensation of Fermionic Atom Pairs},
  author    = {Regal, C. A. and Greiner, M. and Jin, D. S.},
  journal   = {Phys. Rev. Lett.},
  volume    = {92},
  issue     = {4},
  number    = {040403},
  numpages  = {4},
  year      = {2004},
  month     = {01},
  publisher = {American Physical Society},
  doi       = {10.1103/PhysRevLett.92.040403}
}


@article{PhysRevLett.92.120403,
  title     = {Condensation of Pairs of Fermionic Atoms near a Feshbach Resonance},
  author    = {Zwierlein, M. W. and Stan, C. A. and Schunck, C. H. and Raupach, S. M. F. and Kerman, A. J. and Ketterle, W.},
  journal   = {Phys. Rev. Lett.},
  volume    = {92},
  issue     = {12},
  number    = {120403},
  numpages  = {4},
  year      = {2004},
  month     = {03},
  publisher = {American Physical Society},
  doi       = {10.1103/PhysRevLett.92.120403}
}


@article{PhysRevLett.94.160401,
  title     = {Bose-Einstein Condensation of Chromium},
  author    = {Griesmaier, Axel and Werner, J\"org and Hensler, Sven and Stuhler, J\"urgen and Pfau, Tilman},
  journal   = {Phys. Rev. Lett.},
  volume    = {94},
  issue     = {16},
  number    = {160401},
  numpages  = {4},
  year      = {2005},
  month     = {04},
  publisher = {American Physical Society},
  doi       = {10.1103/PhysRevLett.94.160401}
}


@article{PhysRevLett.99.223201,
  title     = {Spin-Exchange Collisions of Submerged Shell Atoms Below 1 Kelvin},
  author    = {Harris, J. G. E. and Nguyen, S. V. and Doret, S. C. and Ketterle, W. and Doyle, J. M.},
  journal   = {Phys. Rev. Lett.},
  volume    = {99},
  issue     = {22},
  number    = {223201},
  numpages  = {4},
  year      = {2007},
  month     = {11},
  publisher = {American Physical Society},
  doi       = {10.1103/PhysRevLett.99.223201}
}



@article{RevModPhys.82.1225,
  title     = {Feshbach resonances in ultracold gases},
  author    = {Chin, Cheng and Grimm, Rudolf and Julienne, Paul and Tiesinga, Eite},
  journal   = {Rev. Mod. Phys.},
  volume    = {82},
  issue     = {2},
  pages     = {1225--1286},
  numpages  = {0},
  year      = {2010},
  month     = {04},
  publisher = {American Physical Society},
  doi       = {10.1103/RevModPhys.82.1225}
}



@article{Rosi2018enhancedGM,
  title   = {{$\Lambda$}-enhanced grey molasses on the D2 transition of Rubidium-87 atoms},
  author  = {S. Rosi and A. Burchianti and Stefano Conclave and D. S. Naik and G. Roati and C. Fort and F. Minardi},
  journal = {Scientific Reports},
  year    = {2018},
  volume  = {8}
}


@article{Rudolph2015,
  doi       = {10.1088/1367-2630/17/6/065001},
  url       = {https://doi.org/10.1088%2F1367-2630%2F17%2F6%2F065001},
  year      = {2015},
  month     = {06},
  publisher = {{IOP} Publishing},
  volume    = {17},
  number    = {6},
  author    = {Jan Rudolph and Waldemar Herr and Christoph Grzeschik and Tammo Sternke and Alexander Grote and Manuel Popp and Dennis Becker and Hauke Müntinga and Holger Ahlers and Achim Peters and Claus Lämmerzahl and Klaus Sengstock and Naceur Gaaloul and Wolfgang Ertmer and Ernst M Rasel},
  title     = {A high-flux {BEC} source for mobile atom interferometers},
  journal   = {New Journal of Physics}
}


@article{rungekutta,
  author  = {Press, William H.  and Teukolsky, Saul A. },
  title   = {Adaptive Stepsize Runge‐Kutta Integration},
  journal = {Computers in Physics},
  volume  = {6},
  number  = {2},
  pages   = {188--191},
  year    = {1992},
  doi     = {10.1063/1.4823060}
}

@book{schaaf:1958,
  url       = {http://www.jstor.org/stable/j.ctt1m32248},
  author    = {Samuel A.~Schaaf and Paul L.~Chambre},
  publisher = {Princeton University Press},
  title     = {Flow of Rarefied Gases},
  year      = {1958},
  pages     = {5}
}


@article{SU20101136,
  title   = {Implementation of a transient adaptive sub-cell module for the parallel-DSMC code using unstructured grids},
  journal = {Computers \& Fluids},
  volume  = {39},
  number  = {7},
  pages   = {1136--1145},
  year    = {2010},
  issn    = {0045-7930},
  doi     = {https://doi.org/10.1016/j.compfluid.2010.02.003},
  author  = {C.C. Su and K.C. Tseng and H.M. Cave and J.S. Wu and Y.Y. Lian and T.C. Kuo and M.C. Jermy}
}


@article{SUN20111,
  title   = {Proper cell dimension and number of particles per cell for DSMC},
  journal = {Computers \& Fluids},
  volume  = {50},
  number  = {1},
  pages   = {1--9},
  year    = {2011},
  issn    = {0045-7930},
  doi     = {https://doi.org/10.1016/j.compfluid.2011.04.013},
  author  = {Zhi-Xin Sun and Zhen Tang and Ya-Ling He and Wen-Quan Tao}
}

@techreport{texasinstruments:2018,
  author      = {Benjamin Lee},
  title       = {Introduction to ±12 Degree Orthogonal Digital Micromirror
Devices (DMDs)},
  institution = {Texas Instruments},
  year        = {2018},
  month       = {02}
}

@article{threebody,
  author  = {Söding, J and Guéry-Odelin, D and Desbiolles, P and Chevy, F and Inamori, H and Dalibard, J},
  title   = {Three-body decay of a rubidium Bose-Einstein condensate},
  journal = {Appl.~Phys.~B},
  volume  = {69},
  number  = {4},
  pages   = {257--261},
  year    = {1999}
}

@article{Weber232,
  author    = {Weber, Tino and Herbig, Jens and Mark, Michael and N{\"a}gerl, Hanns-Christoph and Grimm, Rudolf},
  title     = {Bose-Einstein Condensation of Cesium},
  volume    = {299},
  number    = {5604},
  pages     = {232--235},
  year      = {2003},
  doi       = {10.1126/science.1079699},
  publisher = {American Association for the Advancement of Science},
  issn      = {0036-8075},
  journal   = {Science}
}


@article{wu:2015,
  author  = {Wu, Yubin and Jiang, Shixiong and Xu, Zhenkung and Zhu, Song and Cao, Danhua},
  title   = {Lens distortion correction based on one chessboard pattern image},
  journal = {Frontiers of Optoelectronics},
  volume  = {8},
  number  = {3},
  year    = {2015},
  month   = {09},
  doi     = {10.1007/s12200-015-0453-7},
  pages   = {319--328}
}